@online {github:repo,
	title = {The \texttt{mlkm\_shield} Github repository},
	author = {Simone Tiberi (tibwere)},
	howpublished = {\url{https://github.com/tibwere/mlkm-shield}}
}
